<record><leader>00000cas a22000007a 4500</leader><controlfield tag="001">33225822</controlfield><controlfield tag="008">950929d19091917okuwr n       0    0eng d</controlfield><datafield ind1=" " ind2=" " tag="010"><subfield code="a">sn 95076166 </subfield></datafield><datafield ind1=" " ind2=" " tag="040"><subfield code="a">OBN</subfield><subfield code="b">eng</subfield><subfield code="c">OBN</subfield><subfield code="d">OCLCQ</subfield><subfield code="d">OCLCF</subfield><subfield code="d">OCLCO</subfield></datafield><datafield ind1="1" ind2=" " tag="029"><subfield code="a">AU@</subfield><subfield code="b">000025855319</subfield></datafield><datafield ind1=" " ind2=" " tag="042"><subfield code="a">msc</subfield></datafield><datafield ind1=" " ind2=" " tag="043"><subfield code="a">n-us-ok</subfield></datafield><datafield ind1="0" ind2=" " tag="130"><subfield code="a">Prague record (Prague, Okla. : 1909)</subfield></datafield><datafield ind1="1" ind2="4" tag="245"><subfield code="a">The Prague record.</subfield></datafield><datafield ind1="3" ind2=" " tag="246"><subfield code="a">Semi-weekly record</subfield></datafield><datafield ind1=" " ind2=" " tag="260"><subfield code="a">Prague, Lincoln County, Okla. :</subfield><subfield code="b">Frank S. Nipper</subfield></datafield><datafield ind1=" " ind2=" " tag="300"><subfield code="a">v.</subfield></datafield><datafield ind1=" " ind2=" " tag="310"><subfield code="a">Weekly,</subfield><subfield code="b">May 25, 1911-Apr. 26, 1917</subfield></datafield><datafield ind1=" " ind2=" " tag="321"><subfield code="a">Semiweekly,</subfield><subfield code="b">May 9-June 1, 1911</subfield></datafield><datafield ind1=" " ind2=" " tag="321"><subfield code="a">Weekly,</subfield><subfield code="b">May 13, 1909-May 5, 1911</subfield></datafield><datafield ind1="1" ind2=" " tag="362"><subfield code="a">Began in 1909.</subfield></datafield><datafield ind1="0" ind2=" " tag="362"><subfield code="a">-v. 14, no. 42 (Apr. 26, 1917).</subfield></datafield><datafield ind1=" " ind2=" " tag="500"><subfield code="a">Published as: The Semi-weekly record, May 9-June 1, 1911.</subfield></datafield><datafield ind1=" " ind2=" " tag="588"><subfield code="a">Description based on: Vol. 6, no. 40 (May 27, 1909).</subfield></datafield><datafield ind1=" " ind2="0" tag="651"><subfield code="a">Prague (Okla.)</subfield><subfield code="v">Newspapers.</subfield></datafield><datafield ind1=" " ind2="0" tag="651"><subfield code="a">Lincoln County (Okla.)</subfield><subfield code="v">Newspapers.</subfield></datafield><datafield ind1=" " ind2="7" tag="655"><subfield code="a">Newspapers.</subfield><subfield code="2">fast</subfield><subfield code="0">(OCoLC)fst01423814</subfield></datafield><datafield ind1=" " ind2="7" tag="651"><subfield code="a">Oklahoma</subfield><subfield code="z">Lincoln County.</subfield><subfield code="2">fast</subfield><subfield code="0">(OCoLC)fst01223982</subfield></datafield><datafield ind1=" " ind2="7" tag="651"><subfield code="a">Oklahoma</subfield><subfield code="z">Prague.</subfield><subfield code="2">fast</subfield><subfield code="0">(OCoLC)fst01887486</subfield></datafield><datafield ind1="1" ind2=" " tag="775"><subfield code="t">Daily record (Prague, Okla.)</subfield><subfield code="w">(DLC)sn 95076170</subfield><subfield code="w">(OCoLC)33222656</subfield></datafield><datafield ind1="0" ind2="0" tag="780"><subfield code="t">Prague patriot</subfield><subfield code="w">(DLC)sn 95076165</subfield><subfield code="w">(OCoLC)33213620</subfield></datafield><datafield ind1="0" ind2="7" tag="785"><subfield code="t">Prague news (Prague, Okla.)</subfield><subfield code="w">(DLC)sn 95076171</subfield><subfield code="w">(OCoLC)33222756</subfield></datafield><datafield ind1="0" ind2="7" tag="785"><subfield code="t">Prague news and the Prague record</subfield><subfield code="w">(DLC)sn 95076174</subfield><subfield code="w">(OCoLC)33225120</subfield></datafield></record>